<record><leader>00000cas a2200000   4500</leader><controlfield tag="001">6926596</controlfield><controlfield tag="008">801111c19079999nmuzx ne      0   a0eng d</controlfield><controlfield tag="009">209</controlfield><datafield ind1=" " ind2=" " tag="010"><subfield code="a">sn 82002458 </subfield></datafield><datafield ind1=" " ind2=" " tag="040"><subfield code="a">IRU</subfield><subfield code="b">eng</subfield><subfield code="c">IRU</subfield><subfield code="d">NSD</subfield><subfield code="d">OCL</subfield><subfield code="d">TJC</subfield><subfield code="d">OCLCQ</subfield><subfield code="d">OCLCF</subfield><subfield code="d">OCLCO</subfield></datafield><datafield ind1=" " ind2=" " tag="012"><subfield code="l">1</subfield><subfield code="m">d</subfield></datafield><datafield ind1="1" ind2=" " tag="022"><subfield code="a">0744-5555</subfield><subfield code="l">0744-5555</subfield><subfield code="2">1</subfield></datafield><datafield ind1="1" ind2=" " tag="029"><subfield code="a">AU@</subfield><subfield code="b">000020263699</subfield></datafield><datafield ind1=" " ind2=" " tag="042"><subfield code="a">nsdp</subfield></datafield><datafield ind1=" " ind2="4" tag="050"><subfield code="a">J87</subfield><subfield code="b">.N6 F201.95, R85</subfield></datafield><datafield ind1=" " ind2="0" tag="222"><subfield code="a">Round up</subfield><subfield code="b">(University Park, N.M.)</subfield></datafield><datafield ind1="0" ind2="0" tag="245"><subfield code="a">Round up.</subfield></datafield><datafield ind1=" " ind2=" " tag="260"><subfield code="a">[University Park, NM, etc.,</subfield><subfield code="b">ASNMSU Publications and Communications Board, etc.]</subfield></datafield><datafield ind1=" " ind2=" " tag="300"><subfield code="a">v.</subfield><subfield code="b">ill.</subfield><subfield code="c">44-57 cm.</subfield></datafield><datafield ind1=" " ind2=" " tag="310"><subfield code="a">Frequency varies</subfield></datafield><datafield ind1="0" ind2=" " tag="362"><subfield code="a">v. 1-   Sept. 4, 1907-</subfield></datafield><datafield ind1=" " ind2=" " tag="550"><subfield code="a">The newspaper of the students of New Mexico State University (called 1907-58, New Mexico College of Agriculture and Mechanic Arts, 1959-60, New Mexico State University of Agriculture, Engineering and Science)</subfield></datafield><datafield ind1=" " ind2=" " tag="580"><subfield code="a">Formed by the union of: The College weekly, and, New Mexico collegian.</subfield></datafield><datafield ind1="2" ind2="0" tag="610"><subfield code="a">New Mexico State University</subfield><subfield code="x">Students</subfield><subfield code="v">Periodicals.</subfield></datafield><datafield ind1="2" ind2="0" tag="610"><subfield code="a">New Mexico State University of Agriculture, Engineering, and Science</subfield><subfield code="x">Students</subfield><subfield code="v">Periodicals.</subfield></datafield><datafield ind1="2" ind2="0" tag="610"><subfield code="a">New Mexico College of Agriculture and Mechanic Arts</subfield><subfield code="x">Students</subfield><subfield code="v">Periodicals.</subfield></datafield><datafield ind1=" " ind2="7" tag="655"><subfield code="a">Periodicals.</subfield><subfield code="2">fast</subfield><subfield code="0">(OCoLC)fst01411641</subfield></datafield><datafield ind1="2" ind2="7" tag="610"><subfield code="a">New Mexico College of Agriculture and Mechanic Arts.</subfield><subfield code="2">fast</subfield><subfield code="0">(OCoLC)fst00624248</subfield></datafield><datafield ind1="2" ind2="7" tag="610"><subfield code="a">New Mexico State University.</subfield><subfield code="2">fast</subfield><subfield code="0">(OCoLC)fst00549634</subfield></datafield><datafield ind1="2" ind2="7" tag="610"><subfield code="a">New Mexico State University of Agriculture, Engineering, and Science.</subfield><subfield code="2">fast</subfield><subfield code="0">(OCoLC)fst00549633</subfield></datafield><datafield ind1=" " ind2="7" tag="650"><subfield code="a">Students.</subfield><subfield code="2">fast</subfield><subfield code="0">(OCoLC)fst01136041</subfield></datafield><datafield ind1="2" ind2=" " tag="710"><subfield code="a">New Mexico State University.</subfield></datafield><datafield ind1="2" ind2=" " tag="710"><subfield code="a">New Mexico State University of Agriculture, Engineering, and Science.</subfield></datafield><datafield ind1="2" ind2=" " tag="710"><subfield code="a">New Mexico College of Agriculture and Mechanic Arts.</subfield></datafield><datafield ind1="1" ind2="4" tag="780"><subfield code="t">College weekly</subfield></datafield><datafield ind1="1" ind2="4" tag="780"><subfield code="t">New Mexico collegian</subfield><subfield code="w">(OCoLC)6926586</subfield></datafield><datafield ind1=" " ind2=" " tag="936"><subfield code="a">March 26, 1982</subfield></datafield></record>